<record><leader>00000cas a22000007a 4500</leader><controlfield tag="001">9796869</controlfield><controlfield tag="008">830810d18691874mauwr ne      0    0eng d</controlfield><datafield ind1=" " ind2=" " tag="010"><subfield code="a">sn 83021103 </subfield></datafield><datafield ind1=" " ind2=" " tag="040"><subfield code="a">NPX</subfield><subfield code="b">eng</subfield><subfield code="c">NPX</subfield><subfield code="d">NPU</subfield><subfield code="d">MGN</subfield><subfield code="d">OCLCQ</subfield></datafield><datafield ind1=" " ind2=" " tag="042"><subfield code="a">msc</subfield></datafield><datafield ind1=" " ind2=" " tag="043"><subfield code="a">n-us-ma</subfield></datafield><datafield ind1="0" ind2="0" tag="245"><subfield code="a">Western Hampden times.</subfield></datafield><datafield ind1=" " ind2=" " tag="260"><subfield code="a">Westfield, Mass. :</subfield><subfield code="b">Clark &amp; Carpenter</subfield></datafield><datafield ind1=" " ind2=" " tag="300"><subfield code="a">v. ;</subfield><subfield code="c">61-69 cm.</subfield></datafield><datafield ind1=" " ind2=" " tag="310"><subfield code="a">Weekly</subfield></datafield><datafield ind1="0" ind2=" " tag="362"><subfield code="a">Vol. 1, no. 1 (Mar. 17, 1869)-v. 6, no. 17 (July 1, 1874).</subfield></datafield><datafield ind1=" " ind2=" " tag="500"><subfield code="a">Publisher: Clark &amp; Story, Apr. 6, 1870-1874.</subfield></datafield><datafield ind1=" " ind2=" " tag="752"><subfield code="a">United States</subfield><subfield code="b">Massachusetts</subfield><subfield code="c">Hampden</subfield><subfield code="d">Westfield.</subfield></datafield><datafield ind1="0" ind2="7" tag="785"><subfield code="t">Westfield newsletter</subfield><subfield code="w">(DLC)sn 83021102</subfield></datafield><datafield ind1="0" ind2="7" tag="785"><subfield code="t">Western Hampden times and Westfield newsletter</subfield><subfield code="w">(DLC)sn 83021104</subfield></datafield></record>